@online{W3SchoolsXMLRDF,
    author = "W3Schools",
    title = "XML RDF",
    url  = "https://www.w3schools.com/xml/xml{\_}rdf.asp",
    note = "(accessed: 11.03.2021)"
}

@conference{Nitelight,
    author = "Alistair Russel and Paul R. Smart and Dave Braines, and Nigel R. Shadbolt",
    title = "NITELIGHT: A Graphical Tool for Semantic Query Construction",
    url = "https://eprints.soton.ac.uk/264975/1/CHI{\_}Paperv7.pdf",
    note = "(accessed: 11.03.2021)"
}

@conference{QueryVOWL,
    author = "Florian Haag and Steffen Lohmann and Stephan Siek and Thomas Ertl",
    title = "QueryVOWL: Visual Composition of SPARQL Queries",
    url = "https://link.springer.com/content/pdf/10.1007{\%}2F978-3-319-25639-9{\_}12.pdf",
    note = "(accessed: 11.03.2021)"
}

@conference{MadsHoltenSPARQL,
    author = "Mathias Bonduel and Mads Holten Rasmussen and Pieter Pauwels and Maarten Vergauwen and Ralf Klein",
    title = "SPARQL-visualizer: A Communication Toolfor Collaborative Ontology Engineering Processes*",
    url = "https://www.researchgate.net/publication/326294354{\_}SPARQL-visualizer{\_}A{\_}Communication{\_}Tool{\_}for{\_}Collaborative{\_}Ontology{\_}Engineering{\_}Processes",
    note = "(accessed: 11.03.2021)"
}

@conference{forcedirectedD3,
    author = "Mike Bostock",
    title = "Force-Directed Graph",
    url = "https://observablehq.com/@d3/force-directed-graph",
    note = "(accessed: 30.05.2021)"
}

@conference{useD3,
    author = "Mike Bostock",
    title = "Why you should use D3",
    url = "https://medium.com/@mbostock/why-you-should-use-d3-ae63c276e958",
    note = "(accessed: 30.05.2021)"
}

@conference{parsePerformance,
    author = "Chevrotain",
    title = "JavaScript Parsing Libraries Benchmark",
    url = "https://chevrotain.io/performance/",
    note = "(accessed: 30.05.2021)"
}

@conference{ParsimmonGithub,
    author = "Parsimmon",
    title = "Parsimmon Github",
    url = "https://github.com/jneen/parsimmon",
    note = "(accessed: 30.05.2021)"
}

@conference{ChevrotainGithub,
    author = "Chevrotain",
    title = "Chevrotain Github",
    url = "https://github.com/Chevrotain/chevrotain",
    note = "(accessed: 30.05.2021)"
}

@conference{PEGJSGithub,
    author = "PEG.js",
    title = "PEG.js Github",
    url = "https://github.com/pegjs/pegjs",
    note = "(accessed: 30.05.2021)"
}

@conference{ANTLRGithub,
    author = "ANTLR",
    title = "ANTLR Github",
    url = "https://github.com/antlr/antlr4/",
    note = "(accessed: 30.05.2021)"
}

@conference{UNIONWiki,
    author = "Wikibooks",
    title = "SPARQL/UNION",
    url = " https://en.wikibooks.org/wiki/SPARQL/UNION",
    note = "(accessed: 31.05.2021)"
}

@conference{D3toImage,
    author = "Nikita Rokotyan",
    title = "Export SVG D3 visualization to PNG or JPEG",
    url = "http://bl.ocks.org/Rokotyan/0556f8facbaf344507cdc45dc3622177",
    note = "(accessed: 31.05.2021)"
}

@conference{W3Documentation,
    author = "W3",
    title = "SPARQL 1.1 Query Language",
    url = "https://www.w3.org/TR/sparql11-query/",
    note = "(accessed: 31.05.2021)"
}

@conference{Jest,
    author = "Jest",
    title = "Jest",
    url = "https://jestjs.io/",
    note = "(accessed: 31.05.2021)"
}

@conference{d3zoom,
    author = "D3",
    title = "d3-zoom"
    url = "https://github.com/d3/d3-zoom",
    note = "(accessed: 31.05.2021)"
}